Plačiau apie šaltinių tipus ir jų atributus:
http://mirror.datacenter.by/pub/mirrors/CTAN/macros/latex/contrib/biblatex/doc/biblatex.pdf#subsection.2.1

@misc{cnnExp1,
	author={H. Su and S. Maji and E. Kalogerakis and E. Learned-Miller},
	title={Multi-view Convolutional Neural Networks for 3D Shape Recognition},
	howpublished={\url{https://www.cv-foundation.org/openaccess/content_iccv_2015/papers/Su_Multi-View_Convolutional_Neural_ICCV_2015_paper.pdf}},
	year={2015}, 
	note={1.439 KB, accessed 2020-05-23.},
	langid={english},
}

@misc{cnnExp2,
	author={F. Vitor Suzano Massa},
	title={Relating images and 3D models with convolutional neural networks},
	howpublished={\url{https://pastel.archives-ouvertes.fr/tel-01762533/document}},
	year={2018}, 
	note={7.917 KB, accessed 2020-05-23.},
	langid={english},
}

@misc{dbnExp,
	author={Z. Wu and S. Song and A. Khosla and F. Yu and L. Zhang and X. Tang and J. Xiao},
	title={3D ShapeNets: A Deep Representation for Volumetric Shapes},
	howpublished={\url{https://www.cv-foundation.org/openaccess/content_cvpr_2015/papers/Wu_3D_ShapeNets_A_2015_CVPR_paper.pdf}},
	year={2015}, 
	note={2.451 KB, accessed 2020-05-23.},
	langid={english},
}

@misc{capsNet,
	author={S. Sabour nad N. Frosst and G. E. Hinton},
	title={Dynamic Routing Between Capsules},
	howpublished={\url{https://arxiv.org/pdf/1710.09829.pdf}},
	year={2017}, 
	note={899 KB, accessed 2020-05-23.},
	langid={english},
}

@misc{capsCNN,
	author={R. Mukhometzianov and J. Carrillo},
	title={CapsNet comparative performance evaluation for image classification},
	howpublished={\url{https://arxiv.org/ftp/arxiv/papers/1805/1805.11195.pdf}},
	year={2017}, 
	note={899 KB, accessed 2020-05-23.},
	langid={english},
}
